<record xmlns="http://www.loc.gov/MARC21/slim" xmlns:xsi="http://www.w3.org/2001/XMLSchema-instance" xsi:schemaLocation="http://www.loc.gov/MARC21/slim http://www.loc.gov/standards/marcxml/schema/MARC21slim.xsd"><leader>01144cz   2200241n  4500</leader><controlfield tag="001">oca02831611 </controlfield><controlfield tag="005">19980326052156.5</controlfield><controlfield tag="008">901010n| acannaab|          |a aaa     c</controlfield><datafield ind1=" " ind2=" " tag="010"><subfield code="a">nr 90020302 </subfield></datafield><datafield ind1=" " ind2=" " tag="040"><subfield code="a">NjP</subfield><subfield code="c">NjP</subfield><subfield code="d">InU</subfield><subfield code="d">CtY</subfield></datafield><datafield ind1="0" ind2=" " tag="100"><subfield code="a">Parthenius,</subfield><subfield code="c">of Nicaea,</subfield><subfield code="d">1st cent. B.C.</subfield></datafield><datafield ind1="0" ind2=" " tag="400"><subfield code="a">Parthenius,</subfield><subfield code="c">Nicaenus,</subfield><subfield code="d">1st cent. B.C.</subfield></datafield><datafield ind1="0" ind2=" " tag="400"><subfield code="a">Parthenios,</subfield><subfield code="c">of Nicaea,</subfield><subfield code="d">1st cent. B.C.</subfield></datafield><datafield ind1="0" ind2=" " tag="400"><subfield code="a">Parthénius,</subfield><subfield code="c">de Nicée</subfield><subfield code="d">1st cent. B.C.</subfield></datafield><datafield ind1="0" ind2=" " tag="400"><subfield code="a">Parthenius,</subfield><subfield code="c">Nicaeensis,</subfield><subfield code="d">1st cent. B.C.</subfield></datafield><datafield ind1="0" ind2=" " tag="400"><subfield code="a">Partenio,</subfield><subfield code="c">de Nicea,</subfield><subfield code="d">1st cent. B.C.</subfield></datafield><datafield ind1=" " ind2=" " tag="670"><subfield code="a">Data sheet for Collected works [CF] 197-?:</subfield><subfield code="b">(Parthenius, of Nicaea)</subfield></datafield><datafield ind1=" " ind2=" " tag="670"><subfield code="a">Enc. Brit., 15th ed.</subfield><subfield code="b">(Parthenius of Nicaea, fl. 1st cent. B.C., Rome, Greek poet and grammarian)</subfield></datafield><datafield ind1=" " ind2=" " tag="670"><subfield code="a">Ox. class. dict., 2nd ed.</subfield><subfield code="b">(Parthenius of Nicaea, 1st cent. B.C., Greek poet)</subfield></datafield><datafield ind1=" " ind2=" " tag="670"><subfield code="a">NUC pre-1956</subfield><subfield code="b">(hdg.: Parthenius, of Nicaea; usage: Parthenius de Nicée, Parthenius Nicaensis, Parthenius Nicaeensis)</subfield></datafield><datafield ind1=" " ind2=" " tag="670"><subfield code="a">BM cat.</subfield><subfield code="b">(Parthenius, of Nicaea)</subfield></datafield><datafield ind1=" " ind2=" " tag="670"><subfield code="a">Bib. nat.</subfield><subfield code="b">(Parthénius de Nicée)</subfield></datafield><datafield ind1=" " ind2=" " tag="670"><subfield code="a">Sufrimientos de amor y fragmentos, 1988:</subfield><subfield code="b">t.p. (Partenio de Nicea)</subfield></datafield></record>